<?xml version="1.0" encoding="UTF-8"?>
<record xmlns="http://www.loc.gov/MARC21/slim">
  <leader>00994nam a2200229Ia 4500</leader>
  <controlfield tag="001">3587680</controlfield>
  <controlfield tag="005">20101020122200.0</controlfield>
  <controlfield tag="008">010924s1833    enk           000 0 eng d</controlfield>
  <datafield tag="035" ind1=" " ind2=" ">
    <subfield code="a">(OCoLC)48018696</subfield>
  </datafield>
  <datafield tag="035" ind1=" " ind2=" ">
    <subfield code="a">ocm48018696</subfield>
  </datafield>
  <datafield tag="040" ind1=" " ind2=" ">
    <subfield code="a">NYP</subfield>
    <subfield code="c">NYP</subfield>
    <subfield code="d">OCLCQ</subfield>
  </datafield>
  <datafield tag="043" ind1=" " ind2=" ">
    <subfield code="a">nw-----</subfield>
  </datafield>
  <datafield tag="049" ind1=" " ind2=" ">
    <subfield code="a">BRLL</subfield>
  </datafield>
  <datafield tag="099" ind1=" " ind2=" ">
    <subfield code="a">H.710.B791</subfield>
  </datafield>
  <datafield tag="100" ind1="1" ind2=" ">
    <subfield code="a">Brough, Anthony,</subfield>
    <subfield code="d">fl. 1833.</subfield>
  </datafield>
  <datafield tag="245" ind1="1" ind2="4">
    <subfield code="a">The importance of the British colonies in the West Indies :</subfield>
    <subfield code="b">the danger of a general &amp; immediate emancipation of the Negroes : and a sketch of a plan for a safe and gradual emancipation, on terms favourable to all parties, and without any loan /</subfield>
    <subfield code="c">by Anthony Brough.</subfield>
  </datafield>
  <datafield tag="260" ind1=" " ind2=" ">
    <subfield code="a">London :</subfield>
    <subfield code="b">Whittaker, Treacher &amp; Arnot, Ave Maria Lane,</subfield>
    <subfield code="c">1833.</subfield>
  </datafield>
  <datafield tag="300" ind1=" " ind2=" ">
    <subfield code="a">28 p. ;</subfield>
    <subfield code="c">21 cm.</subfield>
  </datafield>
  <datafield tag="590" ind1=" " ind2=" ">
    <subfield code="a">Boston Public Library (Rare Books Department) copy contains ms. inscription on t.p. &quot;For Arthur&apos;s subscription drive&quot;.</subfield>
  </datafield>
  <datafield tag="650" ind1=" " ind2="0">
    <subfield code="a">Slavery</subfield>
    <subfield code="z">West Indies, British.</subfield>
  </datafield>
  <datafield tag="650" ind1=" " ind2="0">
    <subfield code="a">Slaves</subfield>
    <subfield code="x">Emancipation</subfield>
    <subfield code="z">West Indies, British.</subfield>
  </datafield>
  <datafield tag="994" ind1=" " ind2=" ">
    <subfield code="a">C0</subfield>
    <subfield code="b">BRL</subfield>
  </datafield>
</record>
